02RETORNO01COBRANCA       00000000000004097654OBJECTOS FABRICA DE SOFTWARE L237BRADESCO       3004120160000001129                                                                                                                                                                                                                                                                          020512         000001
1020743062900011000000090059900015806129873                   000000002096000002240000000000000000000000000906300412002400C   00000000209600000224250412000000035350034103765  000000000000000000000000000000000000000000000000000000000000000000000000000000000000035821500000000047150000000000000   020512             00000000000000                                                                  000002
1020743062900011000000090059900015806129877                   000000002096000002320000000000000000000000000906300412002434D   00000000209600000232250412000000126640034103765  000000000000000000000000000000000000000000000000000000000000000000000000000000000000128328500000000168850000000000000   020512             00000000000000                                                                  000003
1020743062900011000000090059900015806130903                   000000002100000000160000000000000000000000000906300412002716B   00000000210000000016300412000000005600010401486  000000000000000000000000000000000000000000000000000000000000000000000000000000000000005600000000000000000000000000000   020512             00000000000000                                                                  000004
1020743062900011000000090059900015806130934                   0000000021000000002400000000000000000000000009063004120362 3/4  00000000210000000024300412000000011653434100566  000000000000000000000000000000000000000000000000000000000000000000000000000000000000011653400000000000000000000000000   020512             00000000000000                                                                  000005
1020743062900011000000090059900015806131010                   000000002100000000320000000000000000000000000906300412002749A   00000000210000000032300412000000022917800103205  000000000000000000000000000000000000000000000000000000000000000000000000000000000000022917800000000000000000000000000   020512             00000000000000                                                                  000006
1020743062900011000000090059900015806131026                   000000002100000000400000000000000000000000000906300412002693C   00000000210000000040300412000000018860023700125  000000000000000000000000000000000000000000000000000000000000000000000000000000000000018860000000000000000000000000000   020512             00000000000000                                                                  000007
1020743062900011000000090059900015806131101                   000000002100000000590000000000000000000000000906300412002761B   00000000210000000059300412000000085000000100456  000000000000000000000000000000000000000000000000000000000000000000000000000000000000085000000000000000000000000000000   020512             00000000000000                                                                  000008
1020743062900011000000090059900015806129954                   000000002100000000670000000000000000000000000906300412X 1904 B  00000000210000000067300412000000027660023700125  000000000000000000000000000000000000000000000000000000000000000000000000000000000000027660000000000000000000000000000   020512             00000000000000                                                                  000009
1020743062900011000000090059900015806129956                   000000002100000000750000000000000000000000000906300412X 1903 B  00000000210000000075300412000000014850023700125  000000000000000000000000000000000000000000000000000000000000000000000000000000000000014850000000000000000000000000000   020512             00000000000000                                                                  000010
1020743062900011000000090059900015806129959                   000000002100000000830000000000000000000000000906300412X 1902 B  00000000210000000083300412000000101229003304771  000000000000000000000000000000000000000000000000000000000000000000000000000000000000101229000000000000000000000000000   020512             00000000000000                                                                  000011
1020743062900011000000090059900015806130620                   000000002100000001130000000000000000000000000906300412X 2027 B  00000000210000000113300412000000008310000100184  000000000000000000000000000000000000000000000000000000000000000000000000000000000000008310000000000000000000000000000   020512             00000000000000                                                                  000012
1020743062900011000000090059900015806131158                   000000002100000001210000000000000000000000000906300412X 2110 F  00000000210000000121300412000000045944523700125  000000000000000000000000000000000000000000000000000000000000000000000000000000000000045944500000000000000000000000000   020512             00000000000000                                                                  000013
1020743062900011000000090059900015806131165                   0000000021000000013P0000000000000000000000000906300412X 2111 C  0000000021000000013P300412000000051801003304771  000000000000000000000000000000000000000000000000000000000000000000000000000000000000051801000000000000000000000000000   020512             00000000000000                                                                  000014
1020743062900011000000090059900015806131185                   000000002100000001480000000000000000000000000906300412X 2115 B  00000000210000000148300412000000052527303304771  000000000000000000000000000000000000000000000000000000000000000000000000000000000000052527300000000000000000000000000   020512             00000000000000                                                                  000015
1020743062900011000000090059900015806131150                   000000002100000001560000000000000000000000000906300412X 2102 A  00000000210000000156300412000000029000023706537  000000000000000000000000000000000000000000000000000000000000000000000000000000000000029000000000000000000000000000000   020512             00000000000000                                                                  000016
1020743062900011000000090059900015806131501                   0000000021000000016400000000000000000000000009063004120388 A    00000000210000000164300412000000001451810400427  000000000000000000000000000000000000000000000000000000000000000000000000000000000000001451800000000000000000000000000   020512             00000000000000                                                                  000017
1020743062900011000000090059900015806131489                   0000000021000000018000000000000000000000000009063004124708      00000000210000000180300412000000011030800103425  000000000000000000000000000000000000000000000000000000000000000000000000000000000000011030800000000000000000000000000   020512             00000000000000                                                                  000018
1020743062900011000000090059900015806131500                   0000000021000000019900000000000000000000000009063004124704      00000000210000000199300412000000003019839900036  000000000000000000000000000000000000000000000000000000000000000000000000000000000000003019800000000000000000000000000   020512             00000000000000                                                                  000019
1020743062900011000000090059900015806131290                   0000000021000000022900000000000000000000000009063004120732 A    00000000210000000229290412000000083825000103347  000000000000000000000000000000000000000000000000000000000000000000000000000000000000083825000000000000000000000000000   020512             00000000000000                                                                  000020
1020743062900011000000090059900015806130712                   00000000210000000245000000000000000000000000090630041210090 B   00000000210000000245280412000000044100023702015  000000000000000000000000000000000000000000000000000000000000000000000000000000000000044100000000000000000000000000000   020512             00000000000000                                                                  000021
1020743062900011000000090059900015806130716                   00000000210000000253000000000000000000000000090630041210093 B   00000000210000000253280412000000010912534101426  000000000000000000000000000000000000000000000000000000000000000000000000000000000000010912500000000000000000000000000   020512             00000000000000                                                                  000022
1020743062900011000000090059900015806131076                   00000000210000000261000000000000000000000000090630041210191 C   00000000210000000261280412000000043840210400068  000000000000000000000000000000000000000000000000000000000000000000000000000000000000043840200000000000000000000000000   020512             00000000000000                                                                  000023
1020743062900011000000090059900015806131445                   0000000021000000027P00000000000000000000000009063004120387      0000000021000000027P280412000000004240023702618  000000000000000000000000000000000000000000000000000000000000000000000000000000000000004240000000000000000000000000000   020512             00000000000000                                                                  000024
1020743062900011000000090059900015806131443                   0000000021000000028800000000000000000000000009063004120382      00000000210000000288280412000000002310039900745  000000000000000000000000000000000000000000000000000000000000000000000000000000000000002310000000000000000000000000000   020512             00000000000000                                                                  000025
1020743062900011000000090059900015806131509                   0000000021040000010400000000000000000000000009063004125167 A    00000000210400000104300412000000017375023701574  000000000000000000000000000000000000000000000000000000000000000000000000000000000000017375000000000000000000000000000   020512             00000000000000                                                                  000026
1020743062900011000000090059900015806129753                   000000002059000000500000000000000000000000000910300412002376B   00000000205900000050200412000000180288323700000  000000000000000000000000000000000000000000000000000000000000000000000000000000000000000000000000000000000000000000000                          0000000000                                                                  000027
1020743062900011000000090059900015806130008                   000000002096000001940000000000000000000000000910300412002473C   00000000209600000194250412000000073215023700000  000000000000000000000000000000000000000000000000000000000000000000000000000000000000000000000000000000000000000000000                          0000000000                                                                  000028
1020743062900011000000090059900015806131119                   0000000020960000014300000000000000000000000009143004122897 A    00000000209600000143100512000000037285623709999  000000000000000000000000000000000000000000000000000000000000000000000000000000000000000000000000000000000000000000000                          0000000000                                                                  000029
1020743062900011000000090059900015806131403                   0000000021000000023700000000000000000000000009143004120375      00000000210000000237150512000000038350023709999  000000000000000000000000000000000000000000000000000000000000000000000000000000000000000000000000000000000000000000000                          0000000000                                                                  000030
1020743062900011000000090059900015806131119                   0000000020960000014300000000000000000000000009333004122897 A    00000000209600000143100512000000037285623709999  000000000000000000000000000000000000000000000000000000000000000000000000000000000000000000000000000000000000000000000                          0000000000                                                                  000031
1020743062900011000000090059900015806131403                   0000000021000000023700000000000000000000000009333004120375      00000000210000000237150512000000038350023709999  000000000000000000000000000000000000000000000000000000000000000000000000000000000000000000000000000000000000000000000                          0000000000                                                                  000032
1020743062900011000000090059900015806142874                   0000000032750000005P00000000000000000000000009020210132975 B    0000000032750000005P231013000000137338023704151  000000000019900000000000000000000000000000000000000000000000000000000000000000000000000000000000000000000000000000000                          7600000000                                                                  000033
1020366260100015800000090059900158003                         000000003354000000120000000000000000000000000930290114          00000000335400000012000000000000000000000000000  000000000000000000000000000000000000000000000000000000000000000000000000000000000000000000000000000000000000000000000                          4000000000                                                                  000034
9201237          000001190000004926992000001129          00000000000000000000008616081000250000085944810000200000253503300000000000000000000020000007563560000000000000000000000000000000000                                                                                                                                                                              00000000000000000000000         000035