02RETORNO01COBRANCA       012300123452        OBJECTOS FABRICA SOFTWARE LTDA341BANCO ITAU S.A.01081201600BPI04253020812                                                                                                                                                                                                                                                                                   000001
10207430629000110012300123452        131945                   19389202            112193892026             I14010812002953C   19389202            30081200000001320003410017401000000000000000000000000000000000000000000000000000000000000000000000000000000000000000000000000000000000000000000000         00000000000000000000000SACADO_A                                                              000002
10207430629000110012300123452        133151                   16010377            112160103779             I060108120483 C    16010377            01081200000001234823418058001000000000000000000000000000000000000000000000000000000000000000000000000000000000000012348200000000000000000000000000   02081200000000000000000000000SACADO_B                                                            BL000003
10207430629000110012300123452        133346                   18402044            112184020447             I060108121128 A    18402044            14081200000000669673411649301000000000000000000000000000000000000000000000000000000000000000000000000000000000000006696700000000000000000000000000   02081200000000000000000000000                                                                    BL000004
10207430629000110012300123452        132629                   18745804            112187458040             I060108123105 B    18745804            27071200000001900313414320801000000000000000000000000000000000000000000000000000000000000000000000000000000000000019256600000000025350000000000000   02081200000000000000000000000SACADO_A                                                            B7000005
10207430629000110012300123452        133482                   19389178            112193891788             I0601081210706 A   19389178            31071200000000582003413095701000000000000000000000000000000000000000000000000000000000000000000000000000000000000005835500000000001550000000000000   02081200000000000000000000000SACADO_A                                                            CP000006
10207430629000110012300123452        133096                   19389188            112193891887             I06010812003081A   19389188            30071200000000640003414320801000000000000000000000000000000000000000000000000000000000000000000000000000000000000006434200000000003420000000000000   02081200000000000000000000000SACADO_A                                                            B3000007
10207430629000110012300123452        132190                   19389205            112193892059             I06010812X 2214 C  19389205            30071200000000516673414320801000000000000000000000000000000000000000000000000000000000000000000000000000000000000005194300000000002760000000000000   02081200000000000000000000000SACADO_A                                                            B3000008
10207430629000110012300123452        133496                   20177365            112201773655             I06010812X 2373 A  20177365            01081200000002680003414320801000000000000000000000000000000000000000000000000000000000000000000000000000000000000026800000000000000000000000000000   02081200000000000000000000000SACADO_A                                                            B1000009
10207430629000110012300123452        133488                   20177366            112201773663             I060108121152 A    20177366            01081200000001637183414320801000000000000000000000000000000000000000000000000000000000000000000000000000000000000016371800000000000000000000000000   02081200000000000000000000000SACADO_A                                                            B3000010
10207430629000110012300123452        133681                   20177371            112201773713             I060108121255      20177371            01081200000000346003414320801000000000000000000000000000000000000000000000000000000000000000000000000000000000000003460000000000000000000000000000   02081200000000000000000000000SACADO_A                                                            B1000011
10207430629000110012300123452        133682                   20177372            112201773721             I060108121254      20177372            01081200000000597003414320801000000000000000000000000000000000000000000000000000000000000000000000000000000000000005970000000000000000000000000000   02081200000000000000000000000SACADO_A                                                            B1000012
10207430629000110012300123452        133683                   20177373            112201773739             I060108121253      20177373            01081200000000736003414320801000000000000000000000000000000000000000000000000000000000000000000000000000000000000007360000000000000000000000000000   02081200000000000000000000000SACADO_A                                                            B1000013
10207430629000110012300123452        133602                   20245634            112202456342             I060108120455 A    20245634            01081200000001561353414320801000000000000000000000000000000000000000000000000000000000000000000000000000000000000015613500000000000000000000000000   02081200000000000000000000000SACADO_A                                                            B3000014
10207430629000110012300123452        133607                   20245639            112202456391             I060108121456 A    20245639            01081200000000280303419134801000000000000000000000000000000000000000000000000000000000000000000000000000000000000002803000000000000000000000000000   02081200000000000000000000000SACADO_A                                                            BL000015
10207430629000110012300123452        133396                   19389225            112193892257             I090108120535/1    19389225            28071200000000410003417709901000000000036000000000000000000000000000000000000000000000000000000000000000000000000000036000000000000000000000000000         00000000000000000000000SACADO_A                                                              000016
10207430629000110012300123452        133395                   23694228            112236942283             I090108120535/2    23694228            12081200000000410003417709901000000000036000000000000000000000000000000000000000000000000000000000000000000000000000036000000000000000000000000000         00000000000000000000000SACADO_A                                                              000017
10207430629000110012300123452        132812                   17246400            112172464003             I350108120993 B    17246400            20071200000001269003410000001000000000022000000000000000000000000000000000000000000000000000000000000000000000000000000000000000000000000000000000         00000000000000000000000SACADO_A                                                              000018
10207430629000110012300123452        132812                   17246400            112172464003             I230108120993 B    17246400            20071200000001269003410052101000000000065000000000000000000000000000000000000000000000000000000000000000000000000000000000000000000000000000000000         00000000000000000000000SACADO_A                                                              000019
10207430629000110012300123452        132414                   17246432            112172464326             I350108121148      17246432            22071200000000483003410000001000000000022000000000000000000000000000000000000000000000000000000000000000000000000000000000000000000000000000000000         00000000000000000000000SACADO_A                                                              000020
10207430629000110012300123452        132414                   17246432            112172464326             I230108121148      17246432            22071200000000483003412861301000000000065000000000000000000000000000000000000000000000000000000000000000000000000000000000000000000000000000000000         00000000000000000000000SACADO_A                                                              000021
10207430629000110012300123452        132413                   17246433            112172464334             I350108121147      17246433            22071200000000447003410000001000000000022000000000000000000000000000000000000000000000000000000000000000000000000000000000000000000000000000000000         00000000000000000000000SACADO_A                                                              000022
10207430629000110012300123452        132413                   17246433            112172464334             I230108121147      17246433            22071200000000447003412861301000000000065000000000000000000000000000000000000000000000000000000000000000000000000000000000000000000000000000000000         00000000000000000000000SACADO_A                                                              000023
10207430629000110012300123452        132412                   17246434            112172464342             I350108121146      17246434            22071200000000448003410000001000000000022000000000000000000000000000000000000000000000000000000000000000000000000000000000000000000000000000000000         00000000000000000000000SACADO_A                                                              000024
10207430629000110012300123452        132412                   17246434            112172464342             I230108121146      17246434            22071200000000448003412861301000000000065000000000000000000000000000000000000000000000000000000000000000000000000000000000000000000000000000000000         00000000000000000000000SACADO_A                                                              000025
10207430629000110012300123452        133961                   25642140            112256421408             I190108120460 1/1  25642140            19081200000000702523412861301000000000000000000000000000000000000000000000000000000000000000000000000000000000000000000000000000000000000000000000         00000000000000000000000SACADO_A                                                              000026
10207430629000110012300123452        133962                   25642141            112256421416             I190108120462 1/1  25642141            19081200000000688743412861301000000000000000000000000000000000000000000000000000000000000000000000000000000000000000000000000000000000000000000000         00000000000000000000000SACADO_A                                                              000027
10207430629000110012300123452        133963                   25642142            112256421424             I190108120461 1/1  25642142            19081200000000447213412861301000000000000000000000000000000000000000000000000000000000000000000000000000000000000000000000000000000000000000000000         00000000000000000000000SACADO_A                                                              000028
10207430629000110012300123452        133927                   25642143            112256421432             I190108120438 A    25642143            15081200000000727053410009101000000000000000000000000000000000000000000000000000000000000000000000000000000000000000000000000000000000000000000000         00000000000000000000000SACADO_A                                                              000029
10207430629000110012300123452        133720                   25642144            112256421440             I190108122378/02   25642144            20081200000000518673414684701000000000000000000000000000000000000000000000000000000000000000000000000000000000000000000000000000000000000000000000         00000000000000000000000SACADO_A                                                              000030
10207430629000110012300123452        133480                   25642145            112256421457             I190108123203 A    25642145            20081200000001923593410568601000000000000000000000000000000000000000000000000000000000000000000000000000000000000000000000000000000000000000000000         00000000000000000000000SACADO_A                                                              000031
10207430629000110012300123452        133576                   25642146            112256421465             I190108123213 B    25642146            20081200000000872503410570201000000000000000000000000000000000000000000000000000000000000000000000000000000000000000000000000000000000000000000000         00000000000000000000000SACADO_A                                                              000032
10207430629000110012300123452        133639                   25642147            112256421473             I190108122441      25642147            20081200000000412803414684701000000000000000000000000000000000000000000000000000000000000000000000000000000000000000000000000000000000000000000000         00000000000000000000000SACADO_A                                                              000033
10207430629000110012300123452        133545                   25642148            112256421481             I190108120540      25642148            20081200000000260003410222001000000000000000000000000000000000000000000000000000000000000000000000000000000000000000000000000000000000000000000000         00000000000000000000000SACADO_A                                                              000034
10207430629000110012300123452        133690                   25642149            112256421499             I190108121464 B    25642149            20081200000002283623410024001000000000000000000000000000000000000000000000000000000000000000000000000000000000000000000000000000000000000000000000         00000000000000000000000SACADO_A                                                              000035
10207430629000110012300123452        132389                   25642150            112256421507             I19010812X 2318 C  25642150            20081200000000500003410070301000000000000000000000000000000000000000000000000000000000000000000000000000000000000000000000000000000000000000000000         00000000000000000000000SACADO_A                                                              000036
10207430629000110012300123452        132392                   25642151            112256421515             I19010812X 2319 C  25642151            20081200000000898663410070301000000000000000000000000000000000000000000000000000000000000000000000000000000000000000000000000000000000000000000000         00000000000000000000000SACADO_A                                                              000037
10207430629000110012300123452        133364                   25642152            112256421523             I19010812003110B   25642152            20081200000000318133412897701000000000000000000000000000000000000000000000000000000000000000000000000000000000000000000000000000000000000000000000         00000000000000000000000SACADO_A                                                              000038
10207430629000110012300123452        133824                   25642153            112256421531             I190108120562      25642153            20081200000000789003410129701000000000000000000000000000000000000000000000000000000000000000000000000000000000000000000000000000000000000000000000         00000000000000000000000SACADO_A                                                              000039
10207430629000110012300123452        133829                   25642154            112256421549             I190108120565      25642154            20081200000000380003410243601000000000000000000000000000000000000000000000000000000000000000000000000000000000000000000000000000000000000000000000         00000000000000000000000SACADO_A                                                              000040
10207430629000110012300123452        133827                   25642155            112256421556             I190108120566      25642155            20081200000000222003412861301000000000000000000000000000000000000000000000000000000000000000000000000000000000000000000000000000000000000000000000         00000000000000000000000SACADO_A                                                              000041
10207430629000110012300123452        133826                   25642156            112256421564             I190108120564      25642156            20081200000000600003410257601000000000000000000000000000000000000000000000000000000000000000000000000000000000000000000000000000000000000000000000         00000000000000000000000SACADO_A                                                              000042
10207430629000110012300123452        133825                   25642157            112256421572             I190108120563      25642157            20081200000000453003410548801000000000000000000000000000000000000000000000000000000000000000000000000000000000000000000000000000000000000000000000         00000000000000000000000SACADO_A                                                              000043
10207430629000110012300123452        132978                   25642158            112256421580             I190108122350/02   25642158            20081200000000392003410001801000000000000000000000000000000000000000000000000000000000000000000000000000000000000000000000000000000000000000000000         00000000000000000000000SACADO_A                                                              000044
10207430629000110012300123452        132977                   25642159            112256421598             I190108122351/02   25642159            20081200000000444003410041401000000000000000000000000000000000000000000000000000000000000000000000000000000000000000000000000000000000000000000000         00000000000000000000000SACADO_A                                                              000045
10207430629000110012300123452        133007                   25642160            112256421606             I190108122354/01   25642160            20081200000003586003410045501000000000000000000000000000000000000000000000000000000000000000000000000000000000000000000000000000000000000000000000         00000000000000000000000SACADO_A                                                              000046
10207430629000110012300123452        133079                   25642161            112256421614             I190108122362/02   25642161            20081200000001280003410125501000000000000000000000000000000000000000000000000000000000000000000000000000000000000000000000000000000000000000000000         00000000000000000000000SACADO_A                                                              000047
10207430629000110012300123452        133248                   25642162            112256421622             I19010812003099A   25642162            20081200000000758003410239401000000000000000000000000000000000000000000000000000000000000000000000000000000000000000000000000000000000000000000000         00000000000000000000000SACADO_A                                                              000048
10207430629000110012300123452        133272                   25642163            112256421630             I190108123182 C    25642163            20081200000001352563410136201000000000000000000000000000000000000000000000000000000000000000000000000000000000000000000000000000000000000000000000         00000000000000000000000SACADO_A                                                              000049
10207430629000110012300123452        133664                   25642164            112256421648             I190108123223 A    25642164            18081200000001564343410022401000000000000000000000000000000000000000000000000000000000000000000000000000000000000000000000000000000000000000000000         00000000000000000000000SACADO_A                                                              000050
10207430629000110012300123452        133378                   25642165            112256421655             I190108121455 B    25642165            18081200000002353593410024001000000000000000000000000000000000000000000000000000000000000000000000000000000000000000000000000000000000000000000000         00000000000000000000000SACADO_A                                                              000051
10207430629000110012300123452        133162                   25642166            112256421663             I190108121093 B    25642166            18081200000001582873410568601000000000000000000000000000000000000000000000000000000000000000000000000000000000000000000000000000000000000000000000         00000000000000000000000SACADO_A                                                              000052
10207430629000110012300123452        133874                   25642167            112256421671             I190108121229 A    25642167            18081200000002129703410568601000000000000000000000000000000000000000000000000000000000000000000000000000000000000000000000000000000000000000000000         00000000000000000000000SACADO_A                                                              000053
10207430629000110012300123452        133171                   25642168            112256421689             I190108121099 B    25642168            18081200000001333753410091901000000000000000000000000000000000000000000000000000000000000000000000000000000000000000000000000000000000000000000000         00000000000000000000000SACADO_A                                                              000054
10207430629000110012300123452        133173                   25642169            112256421697             I190108121100 B    25642169            18081200000001212503414683901000000000000000000000000000000000000000000000000000000000000000000000000000000000000000000000000000000000000000000000         00000000000000000000000SACADO_A                                                              000055
10207430629000110012300123452        133175                   25642170            112256421705             I190108121101 B    25642170            18081200000000567853410091901000000000000000000000000000000000000000000000000000000000000000000000000000000000000000000000000000000000000000000000         00000000000000000000000SACADO_A                                                              000056
9201341          0000026900000026982674  02/08S          000000000000000000000000000000                                                  000000000000000000000000000000          000000000000000000000000000000042530000005500000005236995                                                                                                                                                                000057