01REMESSA01COBRANCA       012300033479        OBJECTOS FABRICA DE SOFTWARE L341BANCO ITAU SA  231012                                                                                                                                                                                                                                                                                                      000001
10475778689000189012300033479        TIT_00                   000000000000000000000112                     I01TIT0/BBDC 12111200000000948143410000001N091012095200000000002530000000000000000000000000000000000000000000000100011641451505Machado de Assis                        Rua ABL, sem no.                                    12345020Rio de Janeiro RJARMAZEM DE NEGOCIOS LTDA          00000005 000002
10441162186000162012300033479        TIT_01                   000000000000000000000112                     I01TIT1/BBDC 06111200000004715763410000001A091012095200000000012580000000000000000000000000000000000000000000000100054114537554Jose de Alencar                         Rua Whatever, 345                       Vilarejo    78910020Messejana      CELOJA DE COISAS LTDA               00000005 000003
9                                                                                                                                                                                                                                                                                                                                                                                                         000004
 