02RETORNO01COBRANCA       012300123452        OBJECTOS FABRICA SOFTWARE LTDA341BANCO ITAU S.A.01081201600BPI04253020812                                                                                                                                                                                                                                                                                   000001
10207430629000110012300123452                                 11025727            112110257279             I09280513117/01    11025727            170513000000008440034177099  000000000049900000000000000000000000000000000000000000000000000000000000000000000000000049900000000000000000000000000         00000000000000000000000                                                                      000002
9201341          0000026900000026982674  02/08S          000000000000000000000000000000                                                  000000000000000000000000000000          000000000000000000000000000000042530000005500000005236995                                                                                                                                                                000003