01REMESSA01COBRANCA       00000000000123456789OBJECTOS FABRICA DE SOFTWARE L237BRADESCO       231012        MX0000720                                                                                                                                                                                                                                                                                     000001
1                   00090012300033479TIT_00                   00000000000000000000          1               01TIT0/BBDC 10111200000001234560000000001N041012060500000000050780000000000000000000000000000000000000000000000100011641451505MACHADO DE ASSIS                        Rua ABL, sem no., Rio de Janeiro, RJ                12345020075778689000189  ARMAZEM DE NEGOCIOS LTDA                   000002
1                   00090012300033479TIT_01                   00000000000000000000          1               01TIT1/BBDC 15111200000000505000000000001A240812060500000000001350000000000000000000000000000000000000000000000100054114537554JOSE DE ALENCAR                         Rua Whatever, 345, Messejana, CE                    78910020041162186000162  LOJA DE COISAS LTDA                        000003
9                                                                                                                                                                                                                                                                                                                                                                                                         000004